@article{1,
	title        = {Scale-free topology of e-mail networks},
	author       = {Ebel, Holger and Mielsch, Lutz-Ingo and Bornholdt, Stefan},
	year         = 2002,
	month        = {Sep},
	journal      = {Phys. Rev. E},
	publisher    = {American Physical Society},
	volume       = 66,
	pages        = {035103},
	doi          = {10.1103/PhysRevE.66.035103},
	url          = {https://link.aps.org/doi/10.1103/PhysRevE.66.035103},
	issue        = 3,
	numpages     = 4
}
@software{2,
	title        =  {Email Topology Analysis},
	author       = {Margeson, Jack},
	year         = 2023,
	month        = {Nov},
	url          = {https://github.com/jack-margeson/email-topology}
}
@misc{3,
	title        = {Network Datasets},
	author       = {Barabási, Albert-László},
	journal      = {Network datasets},
	url          = {http://networksciencebook.com/translations/en/resources/data.html}
}
@article{4,
	title        = {Dynamics Stability and Optimal Control of Virus Propagation Based on the E-Mail Network},
	author       = {Xie, Boli and Liu, Maoxing},
	year         = 2021,
	journal      = {IEEE ACCESS},
	volume       = 9,
	pages        = {32449--32456},
	doi          = {10.1109/ACCESS.2021.3059767},
	issn         = {2169-3536},
	orcid-numbers = {Xie, Boli/0000-0003-4455-4526},
	unique-id    = {WOS:000623410700001}
}
@article{5,
	title        = {Adaptive e-mails intention finding system based on words social networks},
	author       = {Ching-Hao Mao and Hahn-Ming Lee and Che-Fu Yeh},
	year         = 2011,
	journal      = {Journal of Network and Computer Applications},
	volume       = 34,
	number       = 5,
	pages        = {1615--1622},
	doi          = {https://doi.org/10.1016/j.jnca.2011.03.030},
	issn         = {1084-8045},
	url          = {https://www.sciencedirect.com/science/article/pii/S1084804511000841},
	note         = {Dependable Multimedia Communications: Systems, Services, and Applications},
	keywords     = {Anti-spam e-mails, Social network analysis, Artificial immune system, Adaptive learning, Machine learning}
}
